<?xml version="1.0" encoding="UTF-8"?><collection xmlns="http://www.loc.gov/MARC21/slim"><record><leader>00634nam--2200181-i-4500</leader><controlfield tag="001">000015396</controlfield><controlfield tag="002">20161230</controlfield><controlfield tag="005">20161230201031</controlfield><controlfield tag="008">060222s1000------------r-----000-0-fre-d</controlfield><datafield ind1=" " ind2=" " tag="040"><subfield code="a">IFIN-HH</subfield></datafield><datafield ind1=" " ind2=" " tag="041"><subfield code="a">fre</subfield></datafield><datafield ind1=" " ind2=" " tag="080"><subfield code="a">533.9:538.97(043)</subfield></datafield><datafield ind1="1" ind2=" " tag="100"><subfield code="a">Demay, M.Y</subfield></datafield><datafield ind1="1" ind2="0" tag="245"><subfield code="a">Interaction entre differents plasmas multipolaires et les surfaces de silicium (1,1,1,) et d arseniure de galliun (1,0,0); contribution a l'etude physicochimique de l'interface dielectrique semiconducteur</subfield><subfield code="b">These</subfield><subfield code="c">M.y demay</subfield></datafield><datafield ind1=" " ind2=" " tag="260"><subfield code="a">Orsay</subfield><subfield code="b">Universite De Paris-sud</subfield><subfield code="c">1983</subfield></datafield><datafield ind1=" " ind2=" " tag="300"><subfield code="a">155P</subfield></datafield><datafield ind1=" " ind2=" " tag="852"><subfield code="a">72427</subfield><subfield code="c">533.9</subfield></datafield><datafield ind1=" " ind2=" " tag="CAT"><subfield code="a">Sys</subfield><subfield code="c">20110119</subfield><subfield code="h">090215</subfield></datafield></record></collection>